<record><leader>00000cas a22000007a 4500</leader><controlfield tag="001">11358347</controlfield><controlfield tag="008">841107d18761899iauwr ne      0    0eng d</controlfield><datafield ind1=" " ind2=" " tag="010"><subfield code="a">sn 84038606 </subfield></datafield><datafield ind1=" " ind2=" " tag="040"><subfield code="a">NPX</subfield><subfield code="b">eng</subfield><subfield code="c">NPX</subfield><subfield code="d">INP</subfield><subfield code="d">OCLCQ</subfield></datafield><datafield ind1=" " ind2=" " tag="042"><subfield code="a">msc</subfield></datafield><datafield ind1="0" ind2="0" tag="245"><subfield code="a">Wilton review.</subfield></datafield><datafield ind1=" " ind2=" " tag="260"><subfield code="a">Wilton, Iowa :</subfield><subfield code="b">Rider &amp; Stevenson,</subfield><subfield code="c">1876-</subfield></datafield><datafield ind1=" " ind2=" " tag="300"><subfield code="a">v.</subfield></datafield><datafield ind1=" " ind2=" " tag="310"><subfield code="a">Weekly</subfield></datafield><datafield ind1="0" ind2=" " tag="362"><subfield code="a">Vol. 1, no. 1 (Mar. 23, 1876)-</subfield></datafield><datafield ind1="1" ind2=" " tag="362"><subfield code="a">Ceased in 1899.</subfield><subfield code="z">Cf. Bibl. of Iowa newspapers.</subfield></datafield><datafield ind1=" " ind2=" " tag="500"><subfield code="a">Editor: J.M. Rider, &lt;1876&gt;.</subfield></datafield><datafield ind1=" " ind2=" " tag="752"><subfield code="a">United States</subfield><subfield code="b">Iowa</subfield><subfield code="c">Muscatine</subfield><subfield code="d">Wilton.</subfield></datafield><datafield ind1="0" ind2="4" tag="780"><subfield code="t">Wilton exponent</subfield><subfield code="w">(DLC)sn 87058226</subfield></datafield><datafield ind1="0" ind2="4" tag="780"><subfield code="t">Wilton herald (Wilton, Iowa : 1874)</subfield><subfield code="w">(DLC)sn 87058225</subfield></datafield><datafield ind1="0" ind2="7" tag="785"><subfield code="t">Wilton advocate (Wilton, Iowa : 1893)</subfield></datafield><datafield ind1="0" ind2="7" tag="785"><subfield code="t">Wilton advocate and review</subfield><subfield code="w">(DLC)sn 87058227</subfield></datafield><datafield ind1="1" ind2=" " tag="029"><subfield code="a">AU@</subfield><subfield code="b">000025822492</subfield></datafield></record>